% This file was created with JabRef 2.6.
% Encoding: Cp1252

@ARTICLE{prasun:1996,
  author = "{Prasun Dewan}",
  title = "{{B}ell {L}aPadula {M}odel}",
  year = "{1996}",
  month = "{November}",
  institution = "{Deparment of Computer Science, University of North Carolina at Chapel Hill}",
  url = "{http://www.cs.unc.edu/~dewan/242/f96/notes/prot/node13.html}"
}

@ARTICLE{edwin:2011,
  author = "{Edwin de Jong, PhD Real-Time Innovations}",
  title = "{Open standards ease Multi-Level Security (MLS) systems integration}",
  year = "{2011}",
  month = "{July}",
  organization = "{Real-Time Innovations, Inc}",
  url = "{http://mil-embedded.com/articles/open-mls-systems-integration/}"
}

@MANUAL{bancinco:2015,
  author = "{Barbora Ancincova}",
  title = "{Red Hat Enterprise Linux 6 Security-Enhanced Linux}",
  chapter = "{5.11. Multi-Level Security (MLS)}",
  organization = "{Red Hat, Inc}",
  year = "{2015}",
  month = "{July}",
  copyright = "{2012-2015 Red Hat, Inc.}",
  url = "{https://access.redhat.com/documentation/en-US/Red_Hat_Enterprise_Linux/6/html/Security-Enhanced_Linux/mls.html}"
}

@MANUAL{centos:2008,
  author = "{CentOS Project}",
  title = "{Red Hat Enterprise Linux}",
  chapter = "{44.6. Multi-Level Security (MLS)}",
  organization = "{CentOS Project}",
  year = "{2008}",
  month = "{January}",
  copyright = "{2008 Red Hat, Inc.}",
  url = "{https://www.centos.org/docs/5/html/5.2/Deployment_Guide/sec-mls-ov.html}"
}

